[gd_scene load_steps=15 format=2]

[ext_resource path="res://AudioStreamPlayer2D.gd" type="Script" id=1]
[ext_resource path="res://Playground.gd" type="Script" id=2]
[ext_resource path="res://TextDisplay.gd" type="Script" id=3]
[ext_resource path="res://AccomodateCamera.gd" type="Script" id=4]
[ext_resource path="res://morse_alphabet.tres" type="Resource" id=5]
[ext_resource path="res://MorseReference.gd" type="Script" id=6]
[ext_resource path="res://themes/theme.tres" type="Theme" id=7]
[ext_resource path="res://themes/theme-title.tres" type="Theme" id=8]
[ext_resource path="res://WPMEdit.gd" type="Script" id=9]
[ext_resource path="res://KeyButton.gd" type="Script" id=10]
[ext_resource path="res://440.wav" type="AudioStream" id=11]

[sub_resource type="InputEventAction" id=1]
action = "key"

[sub_resource type="ShortCut" id=2]
shortcut = SubResource( 1 )

[sub_resource type="StyleBoxFlat" id=3]
content_margin_left = 10.0
content_margin_right = 10.0
content_margin_top = 5.0
content_margin_bottom = 10.0
bg_color = Color( 0, 0, 0, 1 )
border_width_left = 3
border_width_bottom = 3

[node name="Playground" type="Node2D"]
script = ExtResource( 2 )
morse_alphabet = ExtResource( 5 )

[node name="CanvasLayer" type="CanvasLayer" parent="."]

[node name="PanelContainer" type="PanelContainer" parent="CanvasLayer"]
margin_right = 1022.0
margin_bottom = 601.0
focus_mode = 1
theme = ExtResource( 7 )
script = ExtResource( 4 )
__meta__ = {
"_edit_use_anchors_": false
}

[node name="Panel" type="Panel" parent="CanvasLayer/PanelContainer"]
margin_left = 3.0
margin_top = 3.0
margin_right = 1019.0
margin_bottom = 598.0
__meta__ = {
"_edit_use_anchors_": false
}

[node name="HBoxContainer" type="HBoxContainer" parent="CanvasLayer/PanelContainer"]
margin_left = 3.0
margin_top = 3.0
margin_right = 1019.0
margin_bottom = 598.0

[node name="PlaceholderLeft" type="Control" parent="CanvasLayer/PanelContainer/HBoxContainer"]
margin_right = 252.0
margin_bottom = 595.0
mouse_filter = 1
size_flags_horizontal = 11
size_flags_vertical = 3

[node name="VBoxContainer" type="VBoxContainer" parent="CanvasLayer/PanelContainer/HBoxContainer"]
margin_left = 256.0
margin_right = 760.0
margin_bottom = 595.0
size_flags_horizontal = 3
size_flags_vertical = 3
size_flags_stretch_ratio = 2.0

[node name="MarginContainer2" type="MarginContainer" parent="CanvasLayer/PanelContainer/HBoxContainer/VBoxContainer"]
margin_right = 504.0
margin_bottom = 137.0
mouse_filter = 1
custom_constants/margin_top = 50
custom_constants/margin_bottom = 51

[node name="RichTextLabel" type="RichTextLabel" parent="CanvasLayer/PanelContainer/HBoxContainer/VBoxContainer/MarginContainer2"]
margin_top = 50.0
margin_right = 504.0
margin_bottom = 86.0
mouse_filter = 1
theme = ExtResource( 8 )
bbcode_enabled = true
bbcode_text = "[center] MORSE CODE TRAINER [/center]"
text = " MORSE CODE TRAINER "
fit_content_height = true

[node name="HBoxContainer" type="HBoxContainer" parent="CanvasLayer/PanelContainer/HBoxContainer/VBoxContainer"]
margin_top = 141.0
margin_right = 504.0
margin_bottom = 181.0

[node name="HBoxContainer" type="HBoxContainer" parent="CanvasLayer/PanelContainer/HBoxContainer/VBoxContainer/HBoxContainer"]
margin_right = 87.0
margin_bottom = 40.0

[node name="WPMLabel" type="Label" parent="CanvasLayer/PanelContainer/HBoxContainer/VBoxContainer/HBoxContainer/HBoxContainer"]
margin_top = 11.0
margin_right = 45.0
margin_bottom = 29.0
text = "WPM: "

[node name="WPMEdit" type="LineEdit" parent="CanvasLayer/PanelContainer/HBoxContainer/VBoxContainer/HBoxContainer/HBoxContainer"]
margin_left = 49.0
margin_top = 1.0
margin_right = 87.0
margin_bottom = 39.0
size_flags_vertical = 4
custom_constants/minimum_spaces = 2
max_length = 2
context_menu_enabled = false
script = ExtResource( 9 )

[node name="HBoxContainer2" type="HBoxContainer" parent="CanvasLayer/PanelContainer/HBoxContainer/VBoxContainer/HBoxContainer"]
margin_left = 91.0
margin_right = 504.0
margin_bottom = 40.0
size_flags_horizontal = 3
alignment = 2

[node name="Label" type="Label" parent="CanvasLayer/PanelContainer/HBoxContainer/VBoxContainer/HBoxContainer/HBoxContainer2"]
margin_left = 243.0
margin_top = 11.0
margin_right = 369.0
margin_bottom = 29.0
text = "Show reference"
__meta__ = {
"_edit_use_anchors_": false
}

[node name="ShowReference" type="CheckButton" parent="CanvasLayer/PanelContainer/HBoxContainer/VBoxContainer/HBoxContainer/HBoxContainer2"]
margin_left = 373.0
margin_right = 413.0
margin_bottom = 40.0
focus_mode = 0
pressed = true

[node name="PanelContainer" type="PanelContainer" parent="CanvasLayer/PanelContainer/HBoxContainer/VBoxContainer"]
margin_top = 185.0
margin_right = 504.0
margin_bottom = 527.0
rect_min_size = Vector2( 0, 100 )
mouse_filter = 1
size_flags_vertical = 3

[node name="Panel" type="Panel" parent="CanvasLayer/PanelContainer/HBoxContainer/VBoxContainer/PanelContainer"]
margin_left = 3.0
margin_top = 3.0
margin_right = 501.0
margin_bottom = 339.0
mouse_filter = 1

[node name="MarginContainer" type="MarginContainer" parent="CanvasLayer/PanelContainer/HBoxContainer/VBoxContainer/PanelContainer"]
margin_left = 3.0
margin_top = 3.0
margin_right = 501.0
margin_bottom = 339.0
mouse_filter = 1
size_flags_horizontal = 3
size_flags_vertical = 3
custom_constants/margin_right = 10
custom_constants/margin_top = 10
custom_constants/margin_left = 10
custom_constants/margin_bottom = 10
__meta__ = {
"_edit_use_anchors_": false
}

[node name="ScrollContainer" type="ScrollContainer" parent="CanvasLayer/PanelContainer/HBoxContainer/VBoxContainer/PanelContainer/MarginContainer"]
margin_left = 10.0
margin_top = 10.0
margin_right = 488.0
margin_bottom = 326.0
mouse_filter = 1
size_flags_horizontal = 3
size_flags_vertical = 3
scroll_horizontal_enabled = false
__meta__ = {
"_edit_use_anchors_": false
}

[node name="RichTextLabel" type="RichTextLabel" parent="CanvasLayer/PanelContainer/HBoxContainer/VBoxContainer/PanelContainer/MarginContainer/ScrollContainer"]
margin_right = 478.0
margin_bottom = 316.0
mouse_filter = 1
size_flags_horizontal = 3
size_flags_vertical = 3
bbcode_enabled = true
bbcode_text = "[center]..-[/center]"
text = "..-"
fit_content_height = true
scroll_active = false
script = ExtResource( 3 )
__meta__ = {
"_edit_use_anchors_": false
}

[node name="HBoxContainer2" type="HBoxContainer" parent="CanvasLayer/PanelContainer/HBoxContainer/VBoxContainer"]
margin_top = 531.0
margin_right = 504.0
margin_bottom = 571.0

[node name="Button" type="Button" parent="CanvasLayer/PanelContainer/HBoxContainer/VBoxContainer/HBoxContainer2"]
margin_right = 416.0
margin_bottom = 40.0
rect_min_size = Vector2( 0, 40 )
size_flags_horizontal = 3
size_flags_stretch_ratio = 5.0
custom_constants/hseparation = 0
shortcut_in_tooltip = false
action_mode = 0
shortcut = SubResource( 2 )
text = "Press Here or <space> to key"
script = ExtResource( 10 )

[node name="ClearButton" type="Button" parent="CanvasLayer/PanelContainer/HBoxContainer/VBoxContainer/HBoxContainer2"]
margin_left = 420.0
margin_right = 504.0
margin_bottom = 40.0
size_flags_horizontal = 3
text = "CLR"

[node name="Control" type="Control" parent="CanvasLayer/PanelContainer/HBoxContainer/VBoxContainer"]
margin_top = 575.0
margin_right = 504.0
margin_bottom = 595.0
rect_min_size = Vector2( 20, 20 )

[node name="MarginTooltip" type="MarginContainer" parent="CanvasLayer/PanelContainer/HBoxContainer"]
margin_left = 764.0
margin_right = 1016.0
margin_bottom = 595.0
mouse_filter = 1
size_flags_horizontal = 3
size_flags_vertical = 3

[node name="ReferencePanel" type="PanelContainer" parent="CanvasLayer/PanelContainer/HBoxContainer/MarginTooltip"]
margin_left = 97.0
margin_right = 252.0
margin_bottom = 55.0
mouse_filter = 1
size_flags_horizontal = 8
size_flags_vertical = 2
custom_styles/panel = SubResource( 3 )

[node name="VBoxContainer" type="VBoxContainer" parent="CanvasLayer/PanelContainer/HBoxContainer/MarginTooltip/ReferencePanel"]
margin_left = 10.0
margin_top = 5.0
margin_right = 145.0
margin_bottom = 45.0

[node name="Label" type="Label" parent="CanvasLayer/PanelContainer/HBoxContainer/MarginTooltip/ReferencePanel/VBoxContainer"]
margin_right = 135.0
margin_bottom = 18.0
text = "Morse Reference"
align = 1

[node name="HBoxContainer" type="HBoxContainer" parent="CanvasLayer/PanelContainer/HBoxContainer/MarginTooltip/ReferencePanel/VBoxContainer"]
margin_top = 22.0
margin_right = 135.0
margin_bottom = 40.0
script = ExtResource( 6 )
morse_alphabet = ExtResource( 5 )

[node name="Left" type="Label" parent="CanvasLayer/PanelContainer/HBoxContainer/MarginTooltip/ReferencePanel/VBoxContainer/HBoxContainer"]
margin_right = 32.0
margin_bottom = 18.0
size_flags_horizontal = 3

[node name="Right" type="Label" parent="CanvasLayer/PanelContainer/HBoxContainer/MarginTooltip/ReferencePanel/VBoxContainer/HBoxContainer"]
margin_left = 36.0
margin_right = 135.0
margin_bottom = 18.0
size_flags_horizontal = 3
size_flags_stretch_ratio = 3.0
align = 2

[node name="AudioStreamPlayer" type="AudioStreamPlayer" parent="."]
stream = ExtResource( 11 )
volume_db = -10.097
script = ExtResource( 1 )

[node name="Timer" type="Timer" parent="."]

[connection signal="focus_entered" from="CanvasLayer/PanelContainer/HBoxContainer/VBoxContainer/HBoxContainer/HBoxContainer/WPMEdit" to="CanvasLayer/PanelContainer/HBoxContainer/VBoxContainer/HBoxContainer2/Button" method="_on_WPMEdit_focus_entered"]
[connection signal="focus_exited" from="CanvasLayer/PanelContainer/HBoxContainer/VBoxContainer/HBoxContainer/HBoxContainer/WPMEdit" to="CanvasLayer/PanelContainer/HBoxContainer/VBoxContainer/HBoxContainer2/Button" method="_on_WPMEdit_focus_exited"]
[connection signal="text_changed" from="CanvasLayer/PanelContainer/HBoxContainer/VBoxContainer/HBoxContainer/HBoxContainer/WPMEdit" to="CanvasLayer/PanelContainer/HBoxContainer/VBoxContainer/HBoxContainer/HBoxContainer/WPMEdit" method="_on_WPMEdit_text_changed"]
[connection signal="wpm_changed" from="CanvasLayer/PanelContainer/HBoxContainer/VBoxContainer/HBoxContainer/HBoxContainer/WPMEdit" to="." method="_on_WPMEdit_wpm_changed"]
[connection signal="toggled" from="CanvasLayer/PanelContainer/HBoxContainer/VBoxContainer/HBoxContainer/HBoxContainer2/ShowReference" to="." method="_on_ShowReference_toggled"]
[connection signal="button_down" from="CanvasLayer/PanelContainer/HBoxContainer/VBoxContainer/HBoxContainer2/Button" to="." method="_on_key_button_down"]
[connection signal="button_up" from="CanvasLayer/PanelContainer/HBoxContainer/VBoxContainer/HBoxContainer2/Button" to="." method="_on_key_button_up"]
[connection signal="pressed" from="CanvasLayer/PanelContainer/HBoxContainer/VBoxContainer/HBoxContainer2/ClearButton" to="." method="_on_ClearButton_pressed"]
[connection signal="timeout" from="Timer" to="." method="_on_char_timeout"]
